@book{Beck:2003,
	author = {Beck, Kent},
	title = {Test-Driven Development - By Example},
	year = {2003},
	isbn = {0-321-14653-0},
	publisher = {Addison-Wesley},
	address = {Boston, Mass. [u.a.]},
}

@book{McConnell:2004:CCS:1096143,
	author = {McConnell, Steve},
	title = {Code Complete, Second Edition},
	year = {2004},
	isbn = {0735619670},
	publisher = {Microsoft Press},
	address = {Redmond, WA, USA},
}

@book{Vandevoorde:2002,
	author = {Vandevoorde, David and Josuttis, Nicolai M.},
	day = {22},
	isbn = {0201734842},
	month = {November},
	priority = {2},
	publisher = {Addison-Wesley Professional},
	title = {{C++ Templates: The Complete Guide}},
	year = {2002}
}

@misc{Papula:2007,
	title = {{M}athematik für {I}ngenieure und {N}aturwissenschaftler {K}lausur- und {Ü}bungsaufgaben},
	author = {Lothar Papula},
	publisher = {Friedr. Vieweg \& Sohn Verlag / GWV Fachverlage GmbH, Wiesbaden},
	year = {2007},
	url = {http://ebooks.ub.uni-muenchen.de/16655/}
}